

@book{Kitaev,
 author = {Kitaev, A. Yu. and Shen, A. H. and Vyalyi, M. N.},
 title = {Classical and Quantum Computation},
 year = {2002},
 isbn = {0821832298},
 publisher = {American Mathematical Society},
 address = {Boston, MA, USA},
} 


@misc{git,
  year = {2018},
  publisher = {GitHub},
  journal = {GitHub repository},
  howpublished = {\url{https://github.com/timasq/Quantum/tree/master/Q-3SAT}},
}


